
@article{ine:salary,
  title = {
    Decil de salarios del empleo principial
  }, author = {
    {Instituto Nacional de Estad√≠stica}
  }, year = {
    2016
  }, url = {
    http://www.ine.es/prensa/epa_2016_d.pdf
  }, urldate = {
    2018-03-23
  }
}

@online{tool:Git,
  title = {
    Git
  }, url = {
    https://git-scm.com/
  }, urldate = {
    2018-03-23
  }
}

@online{tool:GitHub,
  title = {
    GitHub,
  }, url = {
    https://github.com/
  }, urldate = {
    2018-03-23
  },
}

@online{BHKLab,
  title = {
    Bioinformatics and Computational Genomics Laboratory,
  }, url = {
    https://www.pmgenomics.ca/bhklab/
  }, urldate = {
    2018-03-23
  }
}

