@article{medical:survey-deep-learning,
  title = {
    A Survey on Deep Learning in Medical Image Analysis
  }, journal = {
    Medical Image Analysis
  }, year = 2017,
  pages = {
    60-88
  }, volume = 42,
  issn = {
    1361-8415
  }, doi = {
    10.1016/j.media.2017.07.005
  }, url = {
    http://www.sciencedirect.com/science/article/pii/S1361841517301135
  }, institution = {
    Radbound University Medical Center
  }, author = {
    Geert Litjens and 
    Thijs Kooi and 
    Babak Ehteshami Bejnordi and 
    Arnaud Arindra Adiyoso Setio and 
    Francesco Ciompi and 
    Mohsen Ghafoorian and 
    Jeroen A.W.M. van der Laak and 
    Bram van Ginneken and 
    Clara I. Sánchez
  }, keywords = {
    Deep learning, Convolutional neural networks, Medical imaging, Survey
  }
}

@article{medical:deep-learning-radiomics-gbm,
  author = {
    Jiangwei Lao and 
    Yinsheng Chen and 
    Zhi-Cheng Li and 
    Qihua Li and 
    Ji Zhang and 
    Jing Liu and 
    Guangtao Zhai
  }, title = "A Deep Learning-Based Radiomics Model for Prediction of 
    Survival in Glioblastoma Multiforme",
  year = 2017
}

@article{medical:deep-surv,
  author= {
    Katzman, Jared L.
    and Shaham, Uri
    and Cloninger, Alexander
    and Bates, Jonathan
    and Jiang, Tingting
    and Kluger, Yuval
  }, title={
    DeepSurv: personalized treatment recommender system using a Cox proportional hazards deep neural network
  }, journal={
    BMC Medical Research Methodology
  }, year={
    2018
  }, month={
    2
  }, day={
    26
  }, volume={
    18
  }, number={
    1
  }, pages={
    24
  }, issn={
    1471-2288
  }, doi={
    10.1186/s12874-018-0482-1
  }, url={
    https://arxiv.org/abs/1606.00931
  }
}

@article{medical:cox,
  ISSN = {
    00359246
  }, URL = {
    http://www.jstor.org/stable/2985181
  }, author = {
    D. R. Cox
  }, journal = {
    Journal of the Royal Statistical Society. Series B (Methodological)}, number = {
    2
  }, pages = {
    187-220
  }, publisher = {
    [Royal Statistical Society, Wiley]}, title = {
    Regression Models and Life-Tables
  }, volume = {
    34
  }, year = {
    1972
  }, institution = {
    Imperial College, London
  }
}

@article{medical:radiomics-ml-classifiers,
  author= {
    Parmar, Chintan and 
    Grossmann, Patrick and 
    Rietveld, Derek and 
    Rietbergen, Michelle M. and 
    Lambin, Philippe and 
    Aerts, Hugo J. W. L.
  }, title= {
    Radiomic Machine-Learning Classifiers for Prognostic Biomarkers of Head and Neck Cancer
  }, journal= {
    Frontiers in Oncology
  }, volume= {
    5
  }, pages= {
    272
  }, year= {
    2015
  }, url= { 
    https://www.frontiersin.org/article/10.3389/fonc.2015.00272
  }, doi= { 
    10.3389/fonc.2015.00272
  }, issn= { 
    2234-943X
  }
}

@article{medical:tumour-radiomics,
  author = {
    Aerts, Hugo J. W. L. and
    Velazquez, Emmanuel Rios and
    Leijenaar, Ralph T. H. and
    Parmar, Chintan and
    Grossmann, Patrick and
    Carvalho, Sara and
    Bussink, Johan and
    Monshouwer, René and
    Haibe-Kains, Benjamin and
    Rietveld, Derek and
    Hoebers, Frank and
    Rietbergen, Michelle M. and
    Leemans, C. René and
    Dekker, Andre and
    Quackenbush, John and
    Gillies, Robert J. and
    Lambin, Philippe
  }, title = {
    Decoding tumour phenotype by noninvasive imaging using a quantitative radiomics approach
  }, journal = {
    Nature Communications
  }, volume = {
    5
  }, number = {
    4006
  }, url = {
    http://dx.doi.org/10.1038/ncomms5006
  }, doi = {
    10.1038/ncomms5006
  }, year = {
    2014
  }, month = {
    6
  }, day = {
    3
  }
}

@online{medical:py-radiomics,
  title = {
    Radiomics feature extraction using Python
  }, url = {
    https://github.com/Radiomics/pyradiomics
  }, urldate = {
    2018-03-09
  }
}

@online{medical:deep-surv-github,
  title = {
    DeepSurv package
  }, url = {
    https://github.com/jaredleekatzman/DeepSurv
  }, urldate = {
    2018-03-23
  }
}

@incollection{medical:ranking-ci,
  title = {
    On Ranking in Survival Analysis: Bounds on the Concordance Index
  }, author = {
    Harald Steck and 
    Balaji Krishnapuram and 
    Cary Dehing-oberije and 
    Philippe Lambin and 
    Raykar, Vikas C
  }, booktitle = {
    Advances in Neural Information Processing Systems 20
  }, editor = {
    J. C. Platt and 
    D. Koller and 
    Y. Singer and 
    S. T. Roweis
  }, pages = {
    1209--1216
  }, year = {
    2008
  }, publisher = {
    Curran Associates, Inc.
  }, url = {
    http://papers.nips.cc/paper/3375-on-ranking-in-survival-analysis-bounds-on-the-concordance-index.pdf
  }
}

