@article{neural:empirical-evaluation-deep-architectures,
  author = {
    Larochelle, Hugo and 
    Erhan, Dumitru and 
    Courville, Aaron and 
    Bergstra, James and 
    Bengio, Yoshua
  }, title = {
    An Empirical Evaluation of Deep Architectures on Problems with Many Factors of Variation
  }, booktitle = {
    Proceedings of the 24th International Conference on Machine Learning
  }, series = {
    ICML '07
  }, year = {
    2007
  }, isbn = {
    978-1-59593-793-3
  }, location = {
    Corvalis, Oregon, USA
  }, pages = {
    473--480
  }, numpages = {
    8
  }, url = {
    http://doi.acm.org/10.1145/1273496.1273556
  }, doi = {
    10.1145/1273496.1273556
  }, acmid = {
    1273556
  }, publisher = {
    ACM
  }, address = {
    New York, NY, USA
  },
} 

@article{neural:NNRetrain,
  author  = {
    Jeff Donahue and
    Yangqing Jia and
    Oriol Vinyals and
    Judy Hoffman and
    Ning Zhang and
    Eric Tzeng and
    Trevor Darrell
  }, title   = {
    DeCAF: {A} Deep Convolutional Activation Feature for Generic Visual Recognition
  }, journal   = {
    CoRR
  }, volume  = {
    abs/1310.1531
  }, year    = {
    2013
  }, url     = {
    http://arxiv.org/abs/1310.1531
  }, archivePrefix = {
    arXiv
  }, eprint  = {
    1310.1531
  }, timestamp = {
    Thu, 25 Jan 2018 15:04:28 +0100
  }, biburl  = {
    https://dblp.org/rec/bib/journals/corr/DonahueJVHZTD13
  }, bibsource = {
    dblp computer science bibliography, https://dblp.org
  }
}

@article{neural:hand-eye-coordination,
  author    = {
    Sergey Levine and
    Peter Pastor and
    Alex Krizhevsky and
    Deirdre Quillen
  }, title     = {
    Learning Hand-Eye Coordination for Robotic Grasping with Deep Learning and Large-Scale
    Data Collection
  }, journal   = {
    CoRR
  }, volume    = {
    abs/1603.02199
  }, year      = {
    2016
  }, url       = {
    http://arxiv.org/abs/1603.02199
  }, archivePrefix = {
    arXiv
  }, eprint    = {
    1603.02199
  }, timestamp = {
    Wed, 07 Jun 2017 14:41:34 +0200
  }, biburl    = {
    https://dblp.org/rec/bib/journals/corr/LevinePKQ16
  }, bibsource = {
    dblp computer science bibliography, https://dblp.org
  }
}

@online{neural:inceptionRetrain,
  title = {
    How to Retrain Inception's Final Layer for New Categories 
  }, url = {
    https://www.tensorflow.org/tutorials/image_retraining
  }, urldate = {
    2018-03-09
  }
}

@book{medical:ElementsStatisticalLearning,
  title   = {
    The Elements of Statistical Learning
  }, annote  = {
    SIGNATUR = 785.158
  }, author  = {
    Trevor Hastie and Robert Tibshirani and Jerome Friedman
  }, keywords  = {
    PATTERN RECOGNITION
  }, publisher = {
    Springer
  }, year    = {
    2001
  },
}

@inproceedings{neural:ROC-precision-recall,
  author = {
    Davis, Jesse and 
    Goadrich, Mark
  }, title = {
    The Relationship Between Precision-Recall and ROC Curves
  }, booktitle = {
    Proceedings of the 23rd International Conference on Machine Learning
  }, series = {
    ICML '06
  }, year = {
    2006
  }, isbn = {
    1-59593-383-2
  }, location = {
    Pittsburgh, Pennsylvania, USA
  }, pages = {
    233-240
  }, numpages = {
    8
  }, url = {
    http://doi.acm.org/10.1145/1143844.1143874
  }, doi = {
    10.1145/1143844.1143874
  }, acmid = {
    1143874
  }, publisher = {
    ACM
  }, address = {
    New York, NY, USA
  },
} 

@inproceedings{neural:GoogLeNet,
  author   = {
    Christian Szegedy and
    Wei Liu and
    Yangqing Jia and
    Pierre Sermanet and
    Scott E. Reed and
    Dragomir Anguelov and
    Dumitru Erhan and
    Vincent Vanhoucke and
    Andrew Rabinovich
  }, title   = {
    Going Deeper with Convolutions
  }, booktitle = {
    2015 IEEE Conference on Computer Vision and Pattern Recognition (CVPR) 
  }, journal   = {
    CoRR
  }, year    = {
    2015
  }, pages = {
    1-9
  }, keywords = {
    Hebbian learning; convolution; decision making; feature extraction; image classification; 
    neural net architecture; resource allocation; Hebbian principle; architectural decision;
    convolutional neural network architecture; object classification; object detection; 
    resource utilization; Computer architecture; Computer vision; Convolutional codes; 
    Neural networks; Object detection; Sparse matrices; Visualization
  }, doi = {
    10.1109/CVPR.2015.7298594
  }, ISSN = {
    1063-6919
  }, month = {
    6
  }
}

@misc{neural:MNIST,
  author = {
    Lecun, Yann and 
    Cortes, Corinna
  }, keywords = {
    ai, mnist, recognition
  }, year = {
    2009
  }, month ={
    3
  }, title = {
    The MNIST database of handwritten digits
  }, url = {
    http://yann.lecun.com/exdb/mnist/}
}



