@article{survey-deep-learning,
    title = {
        A Survey on Deep Learning in Medical Image Analysis
    }, journal = {
        Medical Image Analysis
    }, year = 2017,
    pages = {
        60-88
    }, volume = 42,
    issn = {
        1361-8415
    }, doi = {
        10.1016/j.media.2017.07.005
    }, url = {
        http://www.sciencedirect.com/science/article/pii/S1361841517301135
    }, institution = {
        Radbound University Medical Center
    }, author = {
        Geert Litjens and 
        Thijs Kooi and 
        Babak Ehteshami Bejnordi and 
        Arnaud Arindra Adiyoso Setio and 
        Francesco Ciompi and 
        Mohsen Ghafoorian and 
        Jeroen A.W.M. van der Laak and 
        Bram van Ginneken and 
        Clara I. Sánchez
    }, keywords = {
        Deep learning, Convolutional neural networks, Medical imaging, Survey
    }
}

@article{deep-learning-radiomics-gbm,
    author = {
        Jiangwei Lao and 
        Yinsheng Chen and 
        Zhi-Cheng Li and 
        Qihua Li and 
        Ji Zhang and 
        Jing Liu and 
        Guangtao Zhai
    }, title = "A Deep Learning-Based Radiomics Model for Prediction of 
        Survival in Glioblastoma Multiforme",
    year = 2017
}

@article{empirical-evaluation-deep-architectures,
    author = {
        Larochelle, Hugo and 
        Erhan, Dumitru and 
        Courville, Aaron and 
        Bergstra, James and 
        Bengio, Yoshua
    }, title = {
        An Empirical Evaluation of Deep Architectures on Problems with Many Factors of Variation
    }, booktitle = {
        Proceedings of the 24th International Conference on Machine Learning
    }, series = {
        ICML '07
    }, year = {
        2007
    }, isbn = {
        978-1-59593-793-3
    }, location = {
        Corvalis, Oregon, USA
    }, pages = {
        473--480
    }, numpages = {
        8
    }, url = {
        http://doi.acm.org/10.1145/1273496.1273556
    }, doi = {
        10.1145/1273496.1273556
    }, acmid = {
        1273556
    }, publisher = {
        ACM
    }, address = {
        New York, NY, USA
    },
} 

@article{DeepSurv,
    author= {
        Katzman, Jared L.
        and Shaham, Uri
        and Cloninger, Alexander
        and Bates, Jonathan
        and Jiang, Tingting
        and Kluger, Yuval
    }, title={
        DeepSurv: personalized treatment recommender system using a Cox proportional hazards deep neural network
    }, journal={
        BMC Medical Research Methodology
    }, year={
        2018
    }, month={
        2
    }, day={
        26
    }, volume={
        18
    }, number={
        1
    }, pages={
        24
    }, issn={
        1471-2288
    }, doi={
        10.1186/s12874-018-0482-1
    }, url={
        https://arxiv.org/abs/1606.00931
    }
}

@article{Cox,
    ISSN = {
        00359246
    }, URL = {
        http://www.jstor.org/stable/2985181
    }, author = {
        D. R. Cox
    }, journal = {
        Journal of the Royal Statistical Society. Series B (Methodological)}, number = {
        2
    }, pages = {
        187-220
    }, publisher = {
        [Royal Statistical Society, Wiley]}, title = {
        Regression Models and Life-Tables
    }, volume = {
        34
    }, year = {
        1972
    }, institution = {
        Imperial College, London
    }
}

@article{radiomics-ML-classifiers,
    author= {
        Parmar, Chintan and 
        Grossmann, Patrick and 
        Rietveld, Derek and 
        Rietbergen, Michelle M. and 
        Lambin, Philippe and 
        Aerts, Hugo J. W. L.
    }, title= {
        Radiomic Machine-Learning Classifiers for Prognostic Biomarkers of Head and Neck Cancer
    }, journal= {
        Frontiers in Oncology
    }, volume= {
        5
    }, pages= {
        272
    }, year= {
        2015
    }, url= { 
        https://www.frontiersin.org/article/10.3389/fonc.2015.00272
    }, doi= { 
        10.3389/fonc.2015.00272
    }, issn= { 
        2234-943X
    },
}

@article{tumour-radiomics,
    author = {
        Aerts, Hugo J. W. L. and
        Velazquez, Emmanuel Rios and
        Leijenaar, Ralph T. H. and
        Parmar, Chintan and
        Grossmann, Patrick and
        Carvalho, Sara and
        Bussink, Johan and
        Monshouwer, René and
        Haibe-Kains, Benjamin and
        Rietveld, Derek and
        Hoebers, Frank and
        Rietbergen, Michelle M. and
        Leemans, C. René and
        Dekker, Andre and
        Quackenbush, John and
        Gillies, Robert J. and
        Lambin, Philippe
    }, title = {
        Decoding tumour phenotype by noninvasive imaging using a quantitative radiomics approach
    }, journal = {
        Nature Communications
    }, volume = {
        5
    }, number = {
        4006
    }, url = {
        http://dx.doi.org/10.1038/ncomms5006
    }, doi = {
        10.1038/ncomms5006
    }, year = {
        2014
    }, month = {
        6
    }, day = {
        3
    }
}

@inproceedings{ROC-precision-recall,
    author = {
        Davis, Jesse and 
        Goadrich, Mark
    }, title = {
        The Relationship Between Precision-Recall and ROC Curves
    }, booktitle = {
        Proceedings of the 23rd International Conference on Machine Learning
    }, series = {
        ICML '06
    }, year = {
        2006
    }, isbn = {
        1-59593-383-2
    }, location = {
        Pittsburgh, Pennsylvania, USA
    }, pages = {
        233-240
    }, numpages = {
        8
    }, url = {
        http://doi.acm.org/10.1145/1143844.1143874
    }, doi = {
        10.1145/1143844.1143874
    }, acmid = {
        1143874
    }, publisher = {
        ACM
    }, address = {
        New York, NY, USA
    },
} 

@misc{MNIST,
    author = {
        Lecun, Yann and 
        Cortes, Corinna
    }, keywords = {
        ai, mnist, recognition
    }, year = {
        2009
    }, month ={
        3
    }, title = {
        The MNIST database of handwritten digits
    }, url = {
        http://yann.lecun.com/exdb/mnist/}
}
    